@misc{python_for_nlt,
  title = {Python for NLT},
  author = {Usman Malik},
  howpublished = {Serija članaka, \url{https://stackabuse.com/tag/nlp/}},
  note = {Zadnje dostupno: 02.06.2020}
}

@misc{,
  title = {Emotion and Sentiment Analysis: A Practitioner’s Guide to NLP},
  author = {Dipanjan Sarkar},
  howpublished = {\url{https://www.kdnuggets.com/2018/08/emotion-sentiment-analysis-practitioners-guide-nlp-5.html}},
  note = {Zadnje dostupno: 02.06.2020}
}

@misc{ult_guide,
	title = {Ultimate Guide to Understand and Implement Natural Language
		Processing (with codes in Python)},
	author = {Shivam Bansal},
	howpublished = {\url{https://www.analyticsvidhya.com/blog/2017/01/ultimate-guide-to-understand-implement-natural-language-processing-codes-in-python/}},
  	note = {Zadnje dostupno: 02.06.2020},
}

@misc{aaron,
  title = {TextBlob Sentiment: Calculating Polarity and Subjectivity},
  author = {Aaron Schumacher},
  howpublished = {\url{https://planspace.org/20150607-textblob_sentiment/}},
  note = {Zadnje dostupno: 02.06.2020}
}

@misc{allison,
  title = {TextBlob Sentiment: Calculating Polarity and Subjectivity},
  author = {Allison Parrish},
  howpublished = {\url{http://rwet.decontextualize.com/book/textblob/}},
  note = {Zadnje dostupno: 02.06.2020}
}

@misc{sloria,
	title = {sloria/TextBlob},
	author = {Steven Loria},
	howpublished = {\url{https://github.com/sloria/TextBlob}},
  	note = {Zadnje dostupno: 02.06.2020}
}

@misc{docs,
	title = {TextBlob: Simplified Text Processing},
	author = {Steven Loria},
	howpublished = {\url{https://textblob.readthedocs.io/}},
  	note = {Zadnje dostupno: 02.06.2020}
}
